@inproceedings{cuppaidge05,
	title = {Wolff sign-off revisited},
	author = {George Cuppaidge},
	series = {The {QBA} Bulletin},
	year = 2005,
	month = jan,
	pages = {5},
	note = {http://www.qldbridge.com/bulletin/QBAJan05.pdf},
}

@article{farebrother02,
	title = {The Raptor, or Polish, {1NT} Overcall},
	author = {Michael Farebrother},
	year = 2002,
	month = aug,
	note = {http://biomass.to/mycroft/bridge/Raptor1NT.html},
}

@inproceedings{retzlaff04,
	title = {Wehren {S}ie sich!},
	author = {Ralph Retzlaff},
	series = {Bridge Magazin},
	year = 2004,
	month = sep,
	pages = {35--36},
}

@inproceedings{smithtrf,
	title = {Transfer Advances},
	author = {Marc Smith},
	series = {Bridge Plus Features},
	number = {29--30},
	note = {http://www.bridgeguys.com/pdf/SmithTransferAdvances.pdf},
}

